@online{robotcapital,
	author = "{\relax{Google Inc.}}",
	title = "Google Search Page",
	year  = "2017",
	url   = "https://www.google.com"
}

@online{atrrobot,
	title = "University of Victoria",
	year  = "2017",
	url   = "https://uvic.ca"
}

